@book{lfd,
	Address = {New York},
	Author = {Yaser S. Abu-Mostafa and Malik Magdon-Ismail and Hsuan-Tien Lin},
	Booktitle = {\textit{Learning from Data}},
	Publisher = {AMLBook},
	Title = {\textbf{Learning from Data}},
	note={URL: \url{https://work.caltech.edu/textbook.html}},
	Year = {2012}}

@article{ice_plots,
	Author = {Alex Goldstein and Adam Kapelner and Justin Bleich and Emil Pitkin},
	Journal = {Journal of Computational and Graphical Statistics},
	Number = {1},
	Title = {Peeking {I}nside the {B}lack {B}ox: {V}isualizing {S}tatistical {L}earning with {P}lots of {I}ndividual {C}onditional {E}xpectation},
	Volume = {24},
	Year = {2015},
  note={URL: \url{https://arxiv.org/pdf/1309.6392.pdf}}}

@book{esl,
	Address = {New York},
	Author = {Jerome Friedman and Trevor Hastie and Robert Tibshirani},
	Booktitle = {\textit{The Elements of Statistical Learning}},
	Publisher = {Springer},
	Title = {\textbf{The Elements of Statistical Learning}},
	note={URL: \url{https://web.stanford.edu/~hastie/ElemStatLearn/printings/ESLII\_print12.pdf}},
	Year = {2001}}

@article{angwin16,
	Author = {Julia Angwin and Jeff Larson and Surya Mattu and Lauren Kirchner},
	Journal = {ProPublica},
	Title = {{M}achine {B}ias: {T}here's {S}oftware {U}sed {A}cross the {C}ountry to {P}redict {F}uture {C}riminals. {A}nd {I}t's {B}iased {A}gainst {B}lacks.},
	note = {URL: \url{https://www.propublica.org/article/machine-bias-risk-assessments-in-criminal-sentencing}},
	Year = {2016}}

@article{dt_surrogate2,
	title={Interpreting {B}lackbox {M}odels via {M}odel {E}xtraction},
	author={Osbert Bastani and Carolyn Kim and Hamsa Bastani},
	journal={arXiv preprint arXiv:1705.08504},
	note={URL: \url{https://arxiv.org/pdf/1705.08504.pdf}},
	year={2017}}

@incollection{shapley,
	title = {A {U}nified {A}pproach to {I}nterpreting {M}odel {P}redictions},
	author = {Lundberg, Scott M. and Lee, Su-In},
	booktitle = {Advances in Neural Information Processing Systems 30},
	editor = {I. Guyon and U. V. Luxburg and S. Bengio and H. Wallach and R. Fergus and S. Vishwanathan and R. Garnett},
	pages = {4765--4774},
	year = {2017},
	publisher = {Curran Associates, Inc.},
	note={URL: \url{http://papers.nips.cc/paper/7062-a-unified-approach-to-interpreting-model-predictions.pdf}}}

@article{dt_surrogate1,
	Author = {Mark W. Craven and Jude W. Shavlik},
	Journal = {Advances in Neural Information Processing Systems},
	Title = {Extracting {T}ree-Structured {R}epresentations of {T}rained {N}etworks},
	note={URL: \url{http://papers.nips.cc/paper/1152-extracting-tree-structured-representations-of-trained-networks.pdf}},
	Year = {1996}}

@inproceedings{lime,
	title={Why {S}hould {I} {T}rust {Y}ou?: {E}xplaining the {P}redictions of {A}ny {C}lassifier},
	author={Marco Tulio Ribeiro and Sameer Singh and Carlos Guestrin},
	booktitle={Proceedings of the 22nd ACM SIGKDD International Conference on Knowledge Discovery and Data Mining},
	pages={1135--1144},
	year={2016},
	note={URL: \url{http://www.kdd.org/kdd2016/papers/files/rfp0573-ribeiroA.pdf}},
	organization={ACM}}

@article{wf_xnn,
  title={Explainable {N}eural {N}etworks {B}ased on {A}dditive {I}ndex {M}odels},
  author={Vaughan, Joel and Sudjianto, Agus and Brahimi, Erind and Chen, Jie and Nair, Vijayan N},
  journal={arXiv preprint arXiv:1806.01933},
  note={URL: \url{https://arxiv.org/pdf/1806.01933.pdf}},
  year={2018}}

@article{tree_shap,
	title={Consistent {I}ndividualized {F}eature {A}ttribution for {T}ree {E}nsembles},
	author={Lundberg, Scott M. and Erion, Gabriel G. and Lee, Su-In},
	journal={arXiv preprint arXiv:1802.03888},
	year={2018},
	note={URL: \url{https://arxiv.org/pdf/1706.06060.pdf}}}

@article{been_kim1,
	Author = {Finale Doshi-Velez and Been Kim},
	Title = {Towards a {R}igorous {S}cience of {I}nterpretable {M}achine {L}earning},
	Journal = {arXiv preprint arXiv:1702.08608},
	note={URL: \url{https://arxiv.org/pdf/1702.08608.pdf}},
	Year = {2017}}

@article{gilpin2018explaining,
	title={Explaining {E}xplanations: {A}n {A}pproach to {E}valuating {I}nterpretability of {M}achine {L}earning},
	author={Leilani H. Gilpin and David Bau and Ben Z. Yuan and Ayesha Bajwa and Michael Specter and Lalana Kagal},
	journal={arXiv preprint arXiv:1806.00069},
	note={URL: \url{https://arxiv.org/pdf/1806.00069.pdf}},
	year={2018}}

@article{lime-sup,
	title={Locally {I}nterpretable {M}odels and {E}ffects {B}ased on {S}upervised {P}artitioning ({LIME-SUP})},
	author={Linwei Hu and Jie Chen and Vijayan N. Nair and Agus Sudjianto},
	journal={arXiv preprint arXiv:1806.00663},
	note={URL: \url{https://arxiv.org/ftp/arxiv/papers/1806/1806.00663.pdf}},
	year={2018}}

	@article{art_and_sci,
	  title={On the {A}rt and {S}cience of {M}achine {L}earning {E}xplanations},
	  author={Hall, Patrick},
	  journal={arXiv preprint arXiv:1810.02909},
		note={URL:\url{https://arxiv.org/pdf/1810.02909.pdf}},
	  year={2018}
	}
	
@article{kononenko2010efficient,
  title={An efficient explanation of individual classifications using game theory},
  author={Kononenko, Igor and others},
  journal={Journal of Machine Learning Research},
  volume={11},
  number={Jan},
  pages={1--18},
  year={2010}
}

@article{keinan2004fair,
  title={Fair attribution of functional contribution in artificial and biological networks},
  author={Keinan, Alon and Sandbank, Ben and Hilgetag, Claus C and Meilijson, Isaac and Ruppin, Eytan},
  journal={Neural Computation},
  volume={16},
  number={9},
  pages={1887--1915},
  year={2004},
  publisher={MIT Press}
}

@book{shapley1988shapley,
  title={The Shapley value: essays in honor of Lloyd S. Shapley},
  author={Shapley, Lloyd S and Roth, Alvin E and others},
  year={1988},
  publisher={Cambridge University Press}
}

@article{yang2016scalable,
  title={Scalable Bayesian rule lists},
  author={Yang, Hongyu and Rudin, Cynthia and Seltzer, Margo},
  journal={arXiv preprint arXiv:1602.08610},
  year={2016}
}

@inproceedings{lakkaraju2016interpretable,
  title={Interpretable decision sets: A joint framework for description and prediction},
  author={Lakkaraju, Himabindu and Bach, Stephen H and Leskovec, Jure},
  booktitle={Proceedings of the 22nd ACM SIGKDD international conference on knowledge discovery and data mining},
  pages={1675--1684},
  year={2016},
  organization={ACM}
}

@article{lakkaraju2017interpretable,
  title={Interpretable \& Explorable Approximations of Black Box Models},
  author={Lakkaraju, Himabindu and Kamar, Ece and Caruana, Rich and Leskovec, Jure},
  journal={arXiv preprint arXiv:1707.01154},
  year={2017}
}
